%مراجع خود را در این قسمت وارد کنید.
% دستوری برای کوچک کردن اندازه فونت‌ها 
%یک مثال را در زیر می‌بینید.
@article{singhbook1in2,
  title={Superconducting circuits for quantum information: an outlook},
  author={Devoret, M.H. and Schoelkopf, R.J.},
  journal={Science},
  volume={339},
  number={6124},
  pages={1169--1174},
  year={2013}
}

@article{singhbook1in4,
  title={Superconducting circuits for quantum information: an outlook},
  author={Devoret, M.H. and Schoelkopf, R.J.},
  journal={Science},
  volume={339},
  number={6124},
  pages={1169--1174},
  year={2013}
}

@article{fundamentalsandapplications,
  author={Bhat, Hilal Ahmad and Khanday, Farooq Ahmad and Kaushik, Brajesh Kumar and Bashir, Faisal and Shah, Khurshed Ahmad},
  journal={IEEE Open Journal of Nanotechnology}, 
  title={Quantum Computing: Fundamentals, Implementations and Applications}, 
  year={2022},
  volume={3},
  number={},
  pages={61-77},
  doi={10.1109/OJNANO.2022.3178545}
}

